@ONLINE{netflix,
    author = {Arvind Narayanan, Vitaly Shmatikov},
    title = {{How To Break Anonymity of the Netflix Prize Dataset}},
    year = {2007},
    howpublished =  "\url{https://arxiv.org/abs/cs/0610105}",
    urldate = {06-07-2007}
}

@ONLINE{coupled,
    author = {R Bassily et al.},
    title = {{Coupled-Worlds Privacy: Exploiting Adversarial
Uncertainty in Statistical Data Privacy}},
    year = {2013},
    howpublished =  "\url{https://arxiv.org/abs/cs/0610105}",
    urldate = {06-07-2013}
}

@inproceedings{backes2013anoa,
  title={Anoa: A framework for analyzing anonymous communication protocols},
  author={Backes, Michael and Kate, Aniket and Manoharan, Praveen and Meiser, Sebastian and Mohammadi, Esfandiar},
  booktitle={2013 IEEE 26th Computer Security Foundations Symposium},
  pages={163--178},
  year={2013},
  organization={IEEE}
}

@Inbook{Dwork2008,
author="Dwork, Cynthia and Agrawal, Manindra
and Du, Dingzhu
and Duan, Zhenhua
and Li, Angsheng",
title="Differential Privacy: A Survey of Results",
bookTitle="Theory and Applications of Models of Computation: 5th International Conference, TAMC 2008, Xi'an, China, April 25-29, 2008. Proceedings",
year="2008",
publisher="Springer Berlin Heidelberg",
address="Berlin, Heidelberg",
pages="1--19",
isbn="978-3-540-79228-4",
doi="10.1007/978-3-540-79228-4_1",
url="http://dx.doi.org/10.1007/978-3-540-79228-4_1"
}



https://pdfs.semanticscholar.org/b4a5/84310b5aa875bd45b26ee920fd2ddf2ef685.pdf
